<record><leader>00000cas a22000007a 4500</leader><controlfield tag="001">12333967</controlfield><controlfield tag="008">850801d1871187umouwr ne      0    0eng d</controlfield><datafield ind1=" " ind2=" " tag="010"><subfield code="a">sn 85033916 </subfield></datafield><datafield ind1=" " ind2=" " tag="040"><subfield code="a">NPU</subfield><subfield code="b">eng</subfield><subfield code="c">NPU</subfield><subfield code="d">MQN</subfield><subfield code="d">NVF</subfield><subfield code="d">OCLCQ</subfield><subfield code="d">OCLCF</subfield><subfield code="d">OCLCO</subfield></datafield><datafield ind1=" " ind2=" " tag="042"><subfield code="a">msc</subfield></datafield><datafield ind1=" " ind2=" " tag="043"><subfield code="a">n-us-mo</subfield></datafield><datafield ind1="0" ind2=" " tag="130"><subfield code="a">Cass County courier (Harrisonville, Mo.)</subfield></datafield><datafield ind1="1" ind2="0" tag="245"><subfield code="a">Cass County courier.</subfield></datafield><datafield ind1=" " ind2=" " tag="260"><subfield code="a">Harrisonville, Mo. :</subfield><subfield code="b">Jas. E. Payne</subfield></datafield><datafield ind1=" " ind2=" " tag="300"><subfield code="a">v.</subfield></datafield><datafield ind1=" " ind2=" " tag="310"><subfield code="a">Weekly</subfield></datafield><datafield ind1="1" ind2=" " tag="362"><subfield code="a">Began in 1871.</subfield><subfield code="z">Cf. Rowell, 1873.</subfield></datafield><datafield ind1="1" ind2=" " tag="362"><subfield code="a">Ceased in 1879?</subfield><subfield code="z">Cf. Ayer 1880.</subfield></datafield><datafield ind1=" " ind2=" " tag="588"><subfield code="a">Description based on: Vol. 2, no. 28 (Apr. 4, 1873).</subfield></datafield><datafield ind1=" " ind2="0" tag="651"><subfield code="a">Harrisonville (Mo.)</subfield><subfield code="v">Newspapers.</subfield></datafield><datafield ind1=" " ind2="0" tag="651"><subfield code="a">Cass County (Mo.)</subfield><subfield code="v">Newspapers.</subfield></datafield><datafield ind1=" " ind2="7" tag="655"><subfield code="a">Newspapers.</subfield><subfield code="2">fast</subfield><subfield code="0">(OCoLC)fst01423814</subfield></datafield><datafield ind1=" " ind2="7" tag="651"><subfield code="a">Missouri</subfield><subfield code="z">Cass County.</subfield><subfield code="2">fast</subfield><subfield code="0">(OCoLC)fst01215950</subfield></datafield><datafield ind1=" " ind2="7" tag="651"><subfield code="a">Missouri</subfield><subfield code="z">Harrisonville.</subfield><subfield code="2">fast</subfield><subfield code="0">(OCoLC)fst01220802</subfield></datafield><datafield ind1=" " ind2=" " tag="752"><subfield code="a">United States</subfield><subfield code="b">Missouri</subfield><subfield code="c">Cass</subfield><subfield code="d">Harrisonville.</subfield></datafield><datafield ind1="0" ind2="7" tag="785"><subfield code="a">Cass County times (Pleasant Hill, Mo.)</subfield><subfield code="w">(DLC)sn 89067559</subfield></datafield><datafield ind1="0" ind2="7" tag="785"><subfield code="a">Cass County times-courier</subfield><subfield code="w">(DLC)sn 93060136</subfield></datafield></record>